@article{DBLP:journals/corr/abs-1812-08434,
  author       = {Jie Zhou and
                  Ganqu Cui and
                  Zhengyan Zhang and
                  Cheng Yang and
                  Zhiyuan Liu and
                  Maosong Sun},
  title        = {Graph Neural Networks: {A} Review of Methods and Applications},
  journal      = {CoRR},
  volume       = {abs/1812.08434},
  year         = {2018},
  url          = {http://arxiv.org/abs/1812.08434},
  eprinttype    = {arXiv},
  eprint       = {1812.08434},
  timestamp    = {Fri, 01 Sep 2023 13:50:21 +0200},
  biburl       = {https://dblp.org/rec/journals/corr/abs-1812-08434.bib},
  bibsource    = {dblp computer science bibliography, https://dblp.org}
}

@article{DBLP:journals/corr/abs-1709-05584,
  author       = {William L. Hamilton and
                  Rex Ying and
                  Jure Leskovec},
  title        = {Representation Learning on Graphs: Methods and Applications},
  journal      = {CoRR},
  volume       = {abs/1709.05584},
  year         = {2017},
  url          = {http://arxiv.org/abs/1709.05584},
  eprinttype    = {arXiv},
  eprint       = {1709.05584},
  timestamp    = {Mon, 13 Aug 2018 16:48:34 +0200},
  biburl       = {https://dblp.org/rec/journals/corr/abs-1709-05584.bib},
  bibsource    = {dblp computer science bibliography, https://dblp.org}
}

@article{DBLP:journals/corr/KipfW16,
  author       = {Thomas N. Kipf and
                  Max Welling},
  title        = {Semi-Supervised Classification with Graph Convolutional Networks},
  journal      = {CoRR},
  volume       = {abs/1609.02907},
  year         = {2016},
  url          = {http://arxiv.org/abs/1609.02907},
  eprinttype    = {arXiv},
  eprint       = {1609.02907},
  timestamp    = {Mon, 13 Aug 2018 16:48:31 +0200},
  biburl       = {https://dblp.org/rec/journals/corr/KipfW16.bib},
  bibsource    = {dblp computer science bibliography, https://dblp.org}
}

@article{DBLP:journals/corr/PerozziAS14,
  author       = {Bryan Perozzi and
                  Rami Al{-}Rfou and
                  Steven Skiena},
  title        = {DeepWalk: Online Learning of Social Representations},
  journal      = {CoRR},
  volume       = {abs/1403.6652},
  year         = {2014},
  url          = {http://arxiv.org/abs/1403.6652},
  eprinttype    = {arXiv},
  eprint       = {1403.6652},
  timestamp    = {Thu, 30 Apr 2020 11:17:18 +0200},
  biburl       = {https://dblp.org/rec/journals/corr/PerozziAS14.bib},
  bibsource    = {dblp computer science bibliography, https://dblp.org}
}

@article{DBLP:journals/corr/MikolovSCCD13,
  author       = {Tom{\'{a}}s Mikolov and
                  Ilya Sutskever and
                  Kai Chen and
                  Greg Corrado and
                  Jeffrey Dean},
  title        = {Distributed Representations of Words and Phrases and their Compositionality},
  journal      = {CoRR},
  volume       = {abs/1310.4546},
  year         = {2013},
  url          = {http://arxiv.org/abs/1310.4546},
  eprinttype    = {arXiv},
  eprint       = {1310.4546},
  timestamp    = {Mon, 28 Dec 2020 11:31:02 +0100},
  biburl       = {https://dblp.org/rec/journals/corr/MikolovSCCD13.bib},
  bibsource    = {dblp computer science bibliography, https://dblp.org}
}
a service of  Schloss Dagstuhl - Leibniz Center for Informatics	homebrowsesearchaboutnfdi


@article{DBLP:journals/corr/GroverL16,
  author       = {Aditya Grover and
                  Jure Leskovec},
  title        = {node2vec: Scalable Feature Learning for Networks},
  journal      = {CoRR},
  volume       = {abs/1607.00653},
  year         = {2016},
  url          = {http://arxiv.org/abs/1607.00653},
  eprinttype    = {arXiv},
  eprint       = {1607.00653},
  timestamp    = {Mon, 13 Aug 2018 16:48:14 +0200},
  biburl       = {https://dblp.org/rec/journals/corr/GroverL16.bib},
  bibsource    = {dblp computer science bibliography, https://dblp.org}
}

@article{DBLP:journals/corr/YangL15,
  author       = {Cheng Yang and
                  Zhiyuan Liu},
  title        = {Comprehend DeepWalk as Matrix Factorization},
  journal      = {CoRR},
  volume       = {abs/1501.00358},
  year         = {2015},
  url          = {http://arxiv.org/abs/1501.00358},
  eprinttype    = {arXiv},
  eprint       = {1501.00358},
  timestamp    = {Wed, 02 Sep 2020 13:29:08 +0200},
  biburl       = {https://dblp.org/rec/journals/corr/YangL15.bib},
  bibsource    = {dblp computer science bibliography, https://dblp.org}
}

@article{DBLP:journals/corr/abs-1710-02971,
  author       = {Jiezhong Qiu and
                  Yuxiao Dong and
                  Hao Ma and
                  Jian Li and
                  Kuansan Wang and
                  Jie Tang},
  title        = {Network Embedding as Matrix Factorization: Unifying DeepWalk, LINE,
                  PTE, and node2vec},
  journal      = {CoRR},
  volume       = {abs/1710.02971},
  year         = {2017},
  url          = {http://arxiv.org/abs/1710.02971},
  eprinttype    = {arXiv},
  eprint       = {1710.02971},
  timestamp    = {Thu, 05 Jan 2023 22:22:55 +0100},
  biburl       = {https://dblp.org/rec/journals/corr/abs-1710-02971.bib},
  bibsource    = {dblp computer science bibliography, https://dblp.org}
}